%YAML 1.1
%TAG !u! tag:unity3d.com,2011:
--- !u!1 &364291111962653305
GameObject:
  m_ObjectHideFlags: 0
  m_CorrespondingSourceObject: {fileID: 0}
  m_PrefabInstance: {fileID: 0}
  m_PrefabAsset: {fileID: 0}
  serializedVersion: 6
  m_Component:
  - component: {fileID: 3656459026257326480}
  m_Layer: 8
  m_Name: Target
  m_TagString: Untagged
  m_Icon: {fileID: 0}
  m_NavMeshLayer: 0
  m_StaticEditorFlags: 0
  m_IsActive: 1
--- !u!4 &3656459026257326480
Transform:
  m_ObjectHideFlags: 0
  m_CorrespondingSourceObject: {fileID: 0}
  m_PrefabInstance: {fileID: 0}
  m_PrefabAsset: {fileID: 0}
  m_GameObject: {fileID: 364291111962653305}
  m_LocalRotation: {x: 0, y: 0, z: 0, w: 1}
  m_LocalPosition: {x: 0, y: 0, z: 2.9}
  m_LocalScale: {x: 1, y: 1, z: 1}
  m_Children: []
  m_Father: {fileID: 2988048660701466425}
  m_RootOrder: 1
  m_LocalEulerAnglesHint: {x: 0, y: 0, z: 0}
--- !u!1 &2294629792496836643
GameObject:
  m_ObjectHideFlags: 0
  m_CorrespondingSourceObject: {fileID: 0}
  m_PrefabInstance: {fileID: 0}
  m_PrefabAsset: {fileID: 0}
  serializedVersion: 6
  m_Component:
  - component: {fileID: 4231596892163741574}
  - component: {fileID: 2584861911140284164}
  - component: {fileID: 3140790007048003690}
  m_Layer: 0
  m_Name: c12h26_ship001
  m_TagString: Untagged
  m_Icon: {fileID: 0}
  m_NavMeshLayer: 0
  m_StaticEditorFlags: 1
  m_IsActive: 1
--- !u!4 &4231596892163741574
Transform:
  m_ObjectHideFlags: 0
  m_CorrespondingSourceObject: {fileID: 0}
  m_PrefabInstance: {fileID: 0}
  m_PrefabAsset: {fileID: 0}
  m_GameObject: {fileID: 2294629792496836643}
  m_LocalRotation: {x: -0.5, y: 0.5, z: 0.5, w: 0.5}
  m_LocalPosition: {x: -0.0006537662, y: -0.00699, z: -0.00002}
  m_LocalScale: {x: 0.025, y: 0.025, z: 0.025}
  m_Children: []
  m_Father: {fileID: 5006512736656333017}
  m_RootOrder: 2
  m_LocalEulerAnglesHint: {x: -90.00001, y: 0, z: 90}
--- !u!33 &2584861911140284164
MeshFilter:
  m_ObjectHideFlags: 0
  m_CorrespondingSourceObject: {fileID: 0}
  m_PrefabInstance: {fileID: 0}
  m_PrefabAsset: {fileID: 0}
  m_GameObject: {fileID: 2294629792496836643}
  m_Mesh: {fileID: -699146743147351355, guid: 84049179133bbb84fb74f6d7febbf480, type: 3}
--- !u!23 &3140790007048003690
MeshRenderer:
  m_ObjectHideFlags: 0
  m_CorrespondingSourceObject: {fileID: 0}
  m_PrefabInstance: {fileID: 0}
  m_PrefabAsset: {fileID: 0}
  m_GameObject: {fileID: 2294629792496836643}
  m_Enabled: 1
  m_CastShadows: 1
  m_ReceiveShadows: 1
  m_DynamicOccludee: 1
  m_MotionVectors: 1
  m_LightProbeUsage: 1
  m_ReflectionProbeUsage: 1
  m_RenderingLayerMask: 1
  m_RendererPriority: 0
  m_Materials:
  - {fileID: 2100000, guid: c9bcdb749d516e249adc8e5ec93fed34, type: 2}
  m_StaticBatchInfo:
    firstSubMesh: 0
    subMeshCount: 0
  m_StaticBatchRoot: {fileID: 0}
  m_ProbeAnchor: {fileID: 0}
  m_LightProbeVolumeOverride: {fileID: 0}
  m_ScaleInLightmap: 1
  m_ReceiveGI: 1
  m_PreserveUVs: 0
  m_IgnoreNormalsForChartDetection: 0
  m_ImportantGI: 1
  m_StitchLightmapSeams: 1
  m_SelectedEditorRenderState: 3
  m_MinimumChartSize: 4
  m_AutoUVMaxDistance: 0.5
  m_AutoUVMaxAngle: 89
  m_LightmapParameters: {fileID: 0}
  m_SortingLayerID: 0
  m_SortingLayer: 0
  m_SortingOrder: 0
--- !u!1 &2706408927203861259
GameObject:
  m_ObjectHideFlags: 0
  m_CorrespondingSourceObject: {fileID: 0}
  m_PrefabInstance: {fileID: 0}
  m_PrefabAsset: {fileID: 0}
  serializedVersion: 6
  m_Component:
  - component: {fileID: 215283779230893733}
  - component: {fileID: 4602935930022654939}
  m_Layer: 8
  m_Name: Trail (1)
  m_TagString: Untagged
  m_Icon: {fileID: -964228994112308473, guid: 0000000000000000d000000000000000, type: 0}
  m_NavMeshLayer: 0
  m_StaticEditorFlags: 0
  m_IsActive: 1
--- !u!4 &215283779230893733
Transform:
  m_ObjectHideFlags: 0
  m_CorrespondingSourceObject: {fileID: 0}
  m_PrefabInstance: {fileID: 0}
  m_PrefabAsset: {fileID: 0}
  m_GameObject: {fileID: 2706408927203861259}
  m_LocalRotation: {x: 0, y: 0, z: 0, w: 1}
  m_LocalPosition: {x: -0.696775, y: 0.13300253, z: -0.19398996}
  m_LocalScale: {x: 1, y: 1, z: 1}
  m_Children: []
  m_Father: {fileID: 8854859683872368168}
  m_RootOrder: 1
  m_LocalEulerAnglesHint: {x: 0, y: 0, z: 0}
--- !u!96 &4602935930022654939
TrailRenderer:
  serializedVersion: 2
  m_ObjectHideFlags: 0
  m_CorrespondingSourceObject: {fileID: 0}
  m_PrefabInstance: {fileID: 0}
  m_PrefabAsset: {fileID: 0}
  m_GameObject: {fileID: 2706408927203861259}
  m_Enabled: 1
  m_CastShadows: 1
  m_ReceiveShadows: 1
  m_DynamicOccludee: 1
  m_MotionVectors: 1
  m_LightProbeUsage: 1
  m_ReflectionProbeUsage: 0
  m_RenderingLayerMask: 1
  m_RendererPriority: 0
  m_Materials:
  - {fileID: 10754, guid: 0000000000000000f000000000000000, type: 0}
  m_StaticBatchInfo:
    firstSubMesh: 0
    subMeshCount: 0
  m_StaticBatchRoot: {fileID: 0}
  m_ProbeAnchor: {fileID: 0}
  m_LightProbeVolumeOverride: {fileID: 0}
  m_ScaleInLightmap: 1
  m_ReceiveGI: 1
  m_PreserveUVs: 0
  m_IgnoreNormalsForChartDetection: 0
  m_ImportantGI: 0
  m_StitchLightmapSeams: 1
  m_SelectedEditorRenderState: 3
  m_MinimumChartSize: 4
  m_AutoUVMaxDistance: 0.5
  m_AutoUVMaxAngle: 89
  m_LightmapParameters: {fileID: 0}
  m_SortingLayerID: 0
  m_SortingLayer: 0
  m_SortingOrder: 0
  m_Time: 0.9
  m_Parameters:
    serializedVersion: 3
    widthMultiplier: 5
    widthCurve:
      serializedVersion: 2
      m_Curve:
      - serializedVersion: 3
        time: 0
        value: 1
        inSlope: 0.4862858
        outSlope: 0.4862858
        tangentMode: 0
        weightedMode: 0
        inWeight: 0.33333334
        outWeight: 0.7044776
      - serializedVersion: 3
        time: 0.10355986
        value: 0
        inSlope: -2.743213
        outSlope: -2.743213
        tangentMode: 0
        weightedMode: 0
        inWeight: 0.54795825
        outWeight: 0
      m_PreInfinity: 2
      m_PostInfinity: 2
      m_RotationOrder: 4
    colorGradient:
      serializedVersion: 2
      key0: {r: 0.3160377, g: 0.88318074, b: 1, a: 1}
      key1: {r: 0.8724077, g: 0.52486235, b: 0.97122073, a: 1}
      key2: {r: 1, g: 0.7797926, b: 0.28627455, a: 0}
      key3: {r: 1, g: 0.9433962, b: 0.8160377, a: 0}
      key4: {r: 1, g: 0.9433962, b: 0.8160377, a: 0}
      key5: {r: 0, g: 0, b: 0, a: 0}
      key6: {r: 0, g: 0, b: 0, a: 0}
      key7: {r: 0, g: 0, b: 0, a: 0}
      ctime0: 2699
      ctime1: 21974
      ctime2: 38550
      ctime3: 64571
      ctime4: 64571
      ctime5: 0
      ctime6: 0
      ctime7: 0
      atime0: 0
      atime1: 65535
      atime2: 0
      atime3: 0
      atime4: 0
      atime5: 0
      atime6: 0
      atime7: 0
      m_Mode: 0
      m_NumColorKeys: 4
      m_NumAlphaKeys: 2
    numCornerVertices: 0
    numCapVertices: 0
    alignment: 0
    textureMode: 0
    shadowBias: 0.5
    generateLightingData: 1
  m_MinVertexDistance: 0.01
  m_Autodestruct: 1
  m_Emitting: 1
--- !u!1 &2988048659505137751
GameObject:
  m_ObjectHideFlags: 0
  m_CorrespondingSourceObject: {fileID: 0}
  m_PrefabInstance: {fileID: 0}
  m_PrefabAsset: {fileID: 0}
  serializedVersion: 6
  m_Component:
  - component: {fileID: 2988048659505137748}
  - component: {fileID: 2988048659505137749}
  m_Layer: 8
  m_Name: Trail
  m_TagString: Untagged
  m_Icon: {fileID: -964228994112308473, guid: 0000000000000000d000000000000000, type: 0}
  m_NavMeshLayer: 0
  m_StaticEditorFlags: 0
  m_IsActive: 1
--- !u!4 &2988048659505137748
Transform:
  m_ObjectHideFlags: 0
  m_CorrespondingSourceObject: {fileID: 0}
  m_PrefabInstance: {fileID: 0}
  m_PrefabAsset: {fileID: 0}
  m_GameObject: {fileID: 2988048659505137751}
  m_LocalRotation: {x: 0, y: 0, z: 0, w: 1}
  m_LocalPosition: {x: 0.696775, y: 0.13300253, z: -0.194}
  m_LocalScale: {x: 1, y: 1, z: 1}
  m_Children: []
  m_Father: {fileID: 8854859683872368168}
  m_RootOrder: 0
  m_LocalEulerAnglesHint: {x: 0, y: 0, z: 0}
--- !u!96 &2988048659505137749
TrailRenderer:
  serializedVersion: 2
  m_ObjectHideFlags: 0
  m_CorrespondingSourceObject: {fileID: 0}
  m_PrefabInstance: {fileID: 0}
  m_PrefabAsset: {fileID: 0}
  m_GameObject: {fileID: 2988048659505137751}
  m_Enabled: 1
  m_CastShadows: 1
  m_ReceiveShadows: 1
  m_DynamicOccludee: 1
  m_MotionVectors: 1
  m_LightProbeUsage: 1
  m_ReflectionProbeUsage: 0
  m_RenderingLayerMask: 1
  m_RendererPriority: 0
  m_Materials:
  - {fileID: 10754, guid: 0000000000000000f000000000000000, type: 0}
  m_StaticBatchInfo:
    firstSubMesh: 0
    subMeshCount: 0
  m_StaticBatchRoot: {fileID: 0}
  m_ProbeAnchor: {fileID: 0}
  m_LightProbeVolumeOverride: {fileID: 0}
  m_ScaleInLightmap: 1
  m_ReceiveGI: 1
  m_PreserveUVs: 0
  m_IgnoreNormalsForChartDetection: 0
  m_ImportantGI: 0
  m_StitchLightmapSeams: 1
  m_SelectedEditorRenderState: 3
  m_MinimumChartSize: 4
  m_AutoUVMaxDistance: 0.5
  m_AutoUVMaxAngle: 89
  m_LightmapParameters: {fileID: 0}
  m_SortingLayerID: 0
  m_SortingLayer: 0
  m_SortingOrder: 0
  m_Time: 0.9
  m_Parameters:
    serializedVersion: 3
    widthMultiplier: 5
    widthCurve:
      serializedVersion: 2
      m_Curve:
      - serializedVersion: 3
        time: 0
        value: 1
        inSlope: 0.4862858
        outSlope: 0.4862858
        tangentMode: 0
        weightedMode: 0
        inWeight: 0.33333334
        outWeight: 0.7044776
      - serializedVersion: 3
        time: 0.10355986
        value: 0
        inSlope: -2.743213
        outSlope: -2.743213
        tangentMode: 0
        weightedMode: 0
        inWeight: 0.54795825
        outWeight: 0
      m_PreInfinity: 2
      m_PostInfinity: 2
      m_RotationOrder: 4
    colorGradient:
      serializedVersion: 2
      key0: {r: 0.3160377, g: 0.88318074, b: 1, a: 1}
      key1: {r: 0.8724077, g: 0.52486235, b: 0.97122073, a: 1}
      key2: {r: 1, g: 0.7797926, b: 0.28627455, a: 0}
      key3: {r: 1, g: 0.9433962, b: 0.8160377, a: 0}
      key4: {r: 1, g: 0.9433962, b: 0.8160377, a: 0}
      key5: {r: 0, g: 0, b: 0, a: 0}
      key6: {r: 0, g: 0, b: 0, a: 0}
      key7: {r: 0, g: 0, b: 0, a: 0}
      ctime0: 2699
      ctime1: 21974
      ctime2: 38550
      ctime3: 64571
      ctime4: 64571
      ctime5: 0
      ctime6: 0
      ctime7: 0
      atime0: 0
      atime1: 65535
      atime2: 0
      atime3: 0
      atime4: 0
      atime5: 0
      atime6: 0
      atime7: 0
      m_Mode: 0
      m_NumColorKeys: 4
      m_NumAlphaKeys: 2
    numCornerVertices: 0
    numCapVertices: 0
    alignment: 0
    textureMode: 0
    shadowBias: 0.5
    generateLightingData: 1
  m_MinVertexDistance: 0.01
  m_Autodestruct: 1
  m_Emitting: 1
--- !u!1 &2988048660226976237
GameObject:
  m_ObjectHideFlags: 0
  m_CorrespondingSourceObject: {fileID: 0}
  m_PrefabInstance: {fileID: 0}
  m_PrefabAsset: {fileID: 0}
  serializedVersion: 6
  m_Component:
  - component: {fileID: 2988048660226976226}
  - component: {fileID: 2988048660226976227}
  m_Layer: 8
  m_Name: Spot Light
  m_TagString: Untagged
  m_Icon: {fileID: 0}
  m_NavMeshLayer: 0
  m_StaticEditorFlags: 0
  m_IsActive: 1
--- !u!4 &2988048660226976226
Transform:
  m_ObjectHideFlags: 0
  m_CorrespondingSourceObject: {fileID: 0}
  m_PrefabInstance: {fileID: 0}
  m_PrefabAsset: {fileID: 0}
  m_GameObject: {fileID: 2988048660226976237}
  m_LocalRotation: {x: -0, y: -0, z: -0, w: 1}
  m_LocalPosition: {x: 0.186, y: 0.08, z: 0.6234}
  m_LocalScale: {x: 0.5, y: 1, z: 0.33333334}
  m_Children: []
  m_Father: {fileID: 8854859683872368168}
  m_RootOrder: 2
  m_LocalEulerAnglesHint: {x: 90, y: 0, z: 0}
--- !u!108 &2988048660226976227
Light:
  m_ObjectHideFlags: 0
  m_CorrespondingSourceObject: {fileID: 0}
  m_PrefabInstance: {fileID: 0}
  m_PrefabAsset: {fileID: 0}
  m_GameObject: {fileID: 2988048660226976237}
  m_Enabled: 1
  serializedVersion: 9
  m_Type: 0
  m_Color: {r: 0.7287736, g: 0.9716981, b: 0.94846195, a: 1}
  m_Intensity: 30
  m_Range: 500
  m_SpotAngle: 64
  m_InnerSpotAngle: 21.80208
  m_CookieSize: 10
  m_Shadows:
    m_Type: 0
    m_Resolution: -1
    m_CustomResolution: -1
    m_Strength: 1
    m_Bias: 0.05
    m_NormalBias: 0.4
    m_NearPlane: 0.2
    m_CullingMatrixOverride:
      e00: 1
      e01: 0
      e02: 0
      e03: 0
      e10: 0
      e11: 1
      e12: 0
      e13: 0
      e20: 0
      e21: 0
      e22: 1
      e23: 0
      e30: 0
      e31: 0
      e32: 0
      e33: 1
    m_UseCullingMatrixOverride: 0
  m_Cookie: {fileID: 0}
  m_DrawHalo: 0
  m_Flare: {fileID: 0}
  m_RenderMode: 0
  m_CullingMask:
    serializedVersion: 2
    m_Bits: 4294967295
  m_RenderingLayerMask: 1
  m_Lightmapping: 4
  m_LightShadowCasterMode: 0
  m_AreaSize: {x: 1, y: 1}
  m_BounceIntensity: 20
  m_ColorTemperature: 6570
  m_UseColorTemperature: 0
  m_BoundingSphereOverride: {x: 0, y: 0, z: 0, w: 0}
  m_UseBoundingSphereOverride: 0
  m_ShadowRadius: 0
  m_ShadowAngle: 0
--- !u!1 &2988048660701466424
GameObject:
  m_ObjectHideFlags: 0
  m_CorrespondingSourceObject: {fileID: 0}
  m_PrefabInstance: {fileID: 0}
  m_PrefabAsset: {fileID: 0}
  serializedVersion: 6
  m_Component:
  - component: {fileID: 2988048660701466425}
  - component: {fileID: 2988048660701466431}
  - component: {fileID: 2988048660701466430}
  - component: {fileID: 946892522}
  - component: {fileID: 371898565}
  - component: {fileID: 1899580066}
  - component: {fileID: 1899580062}
  - component: {fileID: 6955382584494584272}
  m_Layer: 8
  m_Name: Player
  m_TagString: Player
  m_Icon: {fileID: 5132851093641282708, guid: 0000000000000000d000000000000000, type: 0}
  m_NavMeshLayer: 0
  m_StaticEditorFlags: 0
  m_IsActive: 1
--- !u!4 &2988048660701466425
Transform:
  m_ObjectHideFlags: 0
  m_CorrespondingSourceObject: {fileID: 0}
  m_PrefabInstance: {fileID: 0}
  m_PrefabAsset: {fileID: 0}
  m_GameObject: {fileID: 2988048660701466424}
  m_LocalRotation: {x: 0, y: 0, z: 0, w: 1}
  m_LocalPosition: {x: 2260.4, y: 150, z: -2351.6}
  m_LocalScale: {x: 1, y: 1, z: 1}
  m_Children:
  - {fileID: 5807123094899536205}
  - {fileID: 3656459026257326480}
  - {fileID: 8854859683872368168}
  - {fileID: 1275215675}
  m_Father: {fileID: 0}
  m_RootOrder: 0
  m_LocalEulerAnglesHint: {x: 0, y: 0, z: 0}
--- !u!143 &2988048660701466431
CharacterController:
  m_ObjectHideFlags: 0
  m_CorrespondingSourceObject: {fileID: 0}
  m_PrefabInstance: {fileID: 0}
  m_PrefabAsset: {fileID: 0}
  m_GameObject: {fileID: 2988048660701466424}
  m_Material: {fileID: 0}
  m_IsTrigger: 0
  m_Enabled: 1
  serializedVersion: 2
  m_Height: 1
  m_Radius: 1
  m_SlopeLimit: 57.15
  m_StepOffset: 0.69
  m_SkinWidth: 0.08
  m_MinMoveDistance: 0.001
  m_Center: {x: 0, y: 0, z: -0.85}
--- !u!114 &2988048660701466430
MonoBehaviour:
  m_ObjectHideFlags: 0
  m_CorrespondingSourceObject: {fileID: 0}
  m_PrefabInstance: {fileID: 0}
  m_PrefabAsset: {fileID: 0}
  m_GameObject: {fileID: 2988048660701466424}
  m_Enabled: 1
  m_EditorHideFlags: 0
  m_Script: {fileID: 11500000, guid: 741d9d3b08b4937439b50bf93ff56060, type: 3}
  m_Name: 
  m_EditorClassIdentifier: 
  intXInversion: 1
  intYInversion: 1
  fltSpeed: 0.3
  fltStrafeSpeed: 0
  fltMaxSpeed: 250
  fltTurnForce: 100
  fltAcceleration: 0.009
  fltDecceleration: 0.015
  fltMaxStrafeSpeed: 75
  fltAngle: 75
  fltStrafeAcceleration: 0.09
  fltForceSpeedRatio: 0.5
  fltRestingSpeed: 0.301
  fltRestingAccel: 0.004
  fltGravityAccel: 0.01
  fltMinimunSpeed: 0.1
  fltBoost: 1.8
  fltBoostAccel: 0.03
  fltMaxBoostTime: 5
  fltBoostTime: 0
  fltDistanceChargeBottom: 10
  fltDistanceChargeSides: 10
  fltBoostRechargeRate: 2.5
  fltBoostDecreaseRate: 2.3
  psBottom: {fileID: 0}
  psRight: {fileID: 0}
  psLeft: {fileID: 0}
  fltDashSpeed: 400
  fltDashDuration: 0.35
  fltDashCooldown: 0.5
  fltCameraExageration: 0.5
  fltShipShake: 0.02
  ShipTransform: {fileID: 8854859683872368168}
  trCamera: {fileID: 5807123094899536205}
  _postProcess: {fileID: 0}
  blnAuxiliarForAchivements: 0
  ShipState: 3
--- !u!114 &946892522
MonoBehaviour:
  m_ObjectHideFlags: 0
  m_CorrespondingSourceObject: {fileID: 0}
  m_PrefabInstance: {fileID: 0}
  m_PrefabAsset: {fileID: 0}
  m_GameObject: {fileID: 2988048660701466424}
  m_Enabled: 1
  m_EditorHideFlags: 0
  m_Script: {fileID: 11500000, guid: d6c2dbe525975744cb961dcda4d4ecc8, type: 3}
  m_Name: 
  m_EditorClassIdentifier: 
  imBoostBar: {fileID: 0}
  imSpeed: {fileID: 0}
  imHealth: {fileID: 0}
  txtSpeed: {fileID: 0}
  txtBoostEmpty: {fileID: 0}
  imgFaderSpeed: {fileID: 0}
  txtCheckpointCount: {fileID: 0}
  intCheckpointNumber: 0
  _intCheckpointCount: 0
  sldBoostForRetards: {fileID: 0}
--- !u!114 &371898565
MonoBehaviour:
  m_ObjectHideFlags: 0
  m_CorrespondingSourceObject: {fileID: 0}
  m_PrefabInstance: {fileID: 0}
  m_PrefabAsset: {fileID: 0}
  m_GameObject: {fileID: 2988048660701466424}
  m_Enabled: 1
  m_EditorHideFlags: 0
  m_Script: {fileID: 11500000, guid: d9c93cab774228b41862dc4cbd56e005, type: 3}
  m_Name: 
  m_EditorClassIdentifier: 
  fltMaxHP: 100
  fltCurrentHealth: 100
  fltDamageAngle: -45
  fltDamage: 150
  _gm: {fileID: 0}
--- !u!54 &1899580066
Rigidbody:
  m_ObjectHideFlags: 0
  m_CorrespondingSourceObject: {fileID: 0}
  m_PrefabInstance: {fileID: 0}
  m_PrefabAsset: {fileID: 0}
  m_GameObject: {fileID: 2988048660701466424}
  serializedVersion: 2
  m_Mass: 1
  m_Drag: 0
  m_AngularDrag: 0.05
  m_UseGravity: 1
  m_IsKinematic: 0
  m_Interpolate: 0
  m_Constraints: 112
  m_CollisionDetection: 0
--- !u!65 &1899580062
BoxCollider:
  m_ObjectHideFlags: 0
  m_CorrespondingSourceObject: {fileID: 0}
  m_PrefabInstance: {fileID: 0}
  m_PrefabAsset: {fileID: 0}
  m_GameObject: {fileID: 2988048660701466424}
  m_Material: {fileID: 0}
  m_IsTrigger: 0
  m_Enabled: 1
  serializedVersion: 2
  m_Size: {x: 4.31, y: 0.5883913, z: 3.235344}
  m_Center: {x: 0, y: 0.38556528, z: 0.5451622}
--- !u!114 &6955382584494584272
MonoBehaviour:
  m_ObjectHideFlags: 0
  m_CorrespondingSourceObject: {fileID: 0}
  m_PrefabInstance: {fileID: 0}
  m_PrefabAsset: {fileID: 0}
  m_GameObject: {fileID: 2988048660701466424}
  m_Enabled: 1
  m_EditorHideFlags: 0
  m_Script: {fileID: 11500000, guid: c316097fefea1b2418e7f008b863cc5c, type: 3}
  m_Name: 
  m_EditorClassIdentifier: 
  fltBounceForce: 5
  fltBounceDecay: 3
--- !u!1 &2999658337167624571
GameObject:
  m_ObjectHideFlags: 0
  m_CorrespondingSourceObject: {fileID: 0}
  m_PrefabInstance: {fileID: 0}
  m_PrefabAsset: {fileID: 0}
  serializedVersion: 6
  m_Component:
  - component: {fileID: 4324506312158035896}
  - component: {fileID: 826960578343359942}
  m_Layer: 8
  m_Name: Trail (3)
  m_TagString: Untagged
  m_Icon: {fileID: -964228994112308473, guid: 0000000000000000d000000000000000, type: 0}
  m_NavMeshLayer: 0
  m_StaticEditorFlags: 0
  m_IsActive: 0
--- !u!4 &4324506312158035896
Transform:
  m_ObjectHideFlags: 0
  m_CorrespondingSourceObject: {fileID: 0}
  m_PrefabInstance: {fileID: 0}
  m_PrefabAsset: {fileID: 0}
  m_GameObject: {fileID: 2999658337167624571}
  m_LocalRotation: {x: -0, y: -0, z: -0, w: 1}
  m_LocalPosition: {x: -0.451, y: 0.133, z: -0.304}
  m_LocalScale: {x: 1, y: 1, z: 1}
  m_Children: []
  m_Father: {fileID: 8854859683872368168}
  m_RootOrder: 8
  m_LocalEulerAnglesHint: {x: 0, y: 0, z: 0}
--- !u!96 &826960578343359942
TrailRenderer:
  serializedVersion: 2
  m_ObjectHideFlags: 0
  m_CorrespondingSourceObject: {fileID: 0}
  m_PrefabInstance: {fileID: 0}
  m_PrefabAsset: {fileID: 0}
  m_GameObject: {fileID: 2999658337167624571}
  m_Enabled: 1
  m_CastShadows: 1
  m_ReceiveShadows: 1
  m_DynamicOccludee: 1
  m_MotionVectors: 1
  m_LightProbeUsage: 1
  m_ReflectionProbeUsage: 0
  m_RenderingLayerMask: 1
  m_RendererPriority: 0
  m_Materials:
  - {fileID: 10308, guid: 0000000000000000f000000000000000, type: 0}
  m_StaticBatchInfo:
    firstSubMesh: 0
    subMeshCount: 0
  m_StaticBatchRoot: {fileID: 0}
  m_ProbeAnchor: {fileID: 0}
  m_LightProbeVolumeOverride: {fileID: 0}
  m_ScaleInLightmap: 1
  m_ReceiveGI: 1
  m_PreserveUVs: 0
  m_IgnoreNormalsForChartDetection: 0
  m_ImportantGI: 0
  m_StitchLightmapSeams: 1
  m_SelectedEditorRenderState: 3
  m_MinimumChartSize: 4
  m_AutoUVMaxDistance: 0.5
  m_AutoUVMaxAngle: 89
  m_LightmapParameters: {fileID: 0}
  m_SortingLayerID: 0
  m_SortingLayer: 0
  m_SortingOrder: 0
  m_Time: 0.9
  m_Parameters:
    serializedVersion: 3
    widthMultiplier: 1.5
    widthCurve:
      serializedVersion: 2
      m_Curve:
      - serializedVersion: 3
        time: 0
        value: 1
        inSlope: 0.4862858
        outSlope: 0.4862858
        tangentMode: 0
        weightedMode: 0
        inWeight: 0.33333334
        outWeight: 0.7044776
      - serializedVersion: 3
        time: 0.061900526
        value: 0
        inSlope: -2.7729626
        outSlope: -2.7729626
        tangentMode: 0
        weightedMode: 0
        inWeight: 0.44856584
        outWeight: 0
      m_PreInfinity: 2
      m_PostInfinity: 2
      m_RotationOrder: 4
    colorGradient:
      serializedVersion: 2
      key0: {r: 0.3160377, g: 0.88318074, b: 1, a: 1}
      key1: {r: 0.86704665, g: 0.514151, b: 1, a: 1}
      key2: {r: 1, g: 0.7797926, b: 0.28627455, a: 0}
      key3: {r: 1, g: 0.9433962, b: 0.8160377, a: 0}
      key4: {r: 0, g: 0, b: 0, a: 0}
      key5: {r: 0, g: 0, b: 0, a: 0}
      key6: {r: 0, g: 0, b: 0, a: 0}
      key7: {r: 0, g: 0, b: 0, a: 0}
      ctime0: 2699
      ctime1: 32382
      ctime2: 43947
      ctime3: 64571
      ctime4: 0
      ctime5: 0
      ctime6: 0
      ctime7: 0
      atime0: 0
      atime1: 65535
      atime2: 0
      atime3: 0
      atime4: 0
      atime5: 0
      atime6: 0
      atime7: 0
      m_Mode: 0
      m_NumColorKeys: 4
      m_NumAlphaKeys: 2
    numCornerVertices: 0
    numCapVertices: 0
    alignment: 0
    textureMode: 0
    shadowBias: 0.5
    generateLightingData: 1
  m_MinVertexDistance: 0.01
  m_Autodestruct: 1
  m_Emitting: 1
--- !u!1 &3563737053914202395
GameObject:
  m_ObjectHideFlags: 0
  m_CorrespondingSourceObject: {fileID: 0}
  m_PrefabInstance: {fileID: 0}
  m_PrefabAsset: {fileID: 0}
  serializedVersion: 6
  m_Component:
  - component: {fileID: 1692956167747299776}
  - component: {fileID: 2341673666836756998}
  m_Layer: 8
  m_Name: Spot Light (1)
  m_TagString: Untagged
  m_Icon: {fileID: 0}
  m_NavMeshLayer: 0
  m_StaticEditorFlags: 0
  m_IsActive: 1
--- !u!4 &1692956167747299776
Transform:
  m_ObjectHideFlags: 0
  m_CorrespondingSourceObject: {fileID: 0}
  m_PrefabInstance: {fileID: 0}
  m_PrefabAsset: {fileID: 0}
  m_GameObject: {fileID: 3563737053914202395}
  m_LocalRotation: {x: -0, y: -0, z: -0, w: 1}
  m_LocalPosition: {x: -0.186, y: 0.08, z: 0.6234}
  m_LocalScale: {x: 0.5, y: 1, z: 0.33333334}
  m_Children: []
  m_Father: {fileID: 8854859683872368168}
  m_RootOrder: 4
  m_LocalEulerAnglesHint: {x: 90, y: 0, z: 0}
--- !u!108 &2341673666836756998
Light:
  m_ObjectHideFlags: 0
  m_CorrespondingSourceObject: {fileID: 0}
  m_PrefabInstance: {fileID: 0}
  m_PrefabAsset: {fileID: 0}
  m_GameObject: {fileID: 3563737053914202395}
  m_Enabled: 1
  serializedVersion: 9
  m_Type: 0
  m_Color: {r: 0.7287736, g: 0.9716981, b: 0.94846195, a: 1}
  m_Intensity: 30
  m_Range: 500
  m_SpotAngle: 64
  m_InnerSpotAngle: 21.80208
  m_CookieSize: 10
  m_Shadows:
    m_Type: 0
    m_Resolution: -1
    m_CustomResolution: -1
    m_Strength: 1
    m_Bias: 0.05
    m_NormalBias: 0.4
    m_NearPlane: 0.2
    m_CullingMatrixOverride:
      e00: 1
      e01: 0
      e02: 0
      e03: 0
      e10: 0
      e11: 1
      e12: 0
      e13: 0
      e20: 0
      e21: 0
      e22: 1
      e23: 0
      e30: 0
      e31: 0
      e32: 0
      e33: 1
    m_UseCullingMatrixOverride: 0
  m_Cookie: {fileID: 0}
  m_DrawHalo: 0
  m_Flare: {fileID: 0}
  m_RenderMode: 0
  m_CullingMask:
    serializedVersion: 2
    m_Bits: 4294967295
  m_RenderingLayerMask: 1
  m_Lightmapping: 4
  m_LightShadowCasterMode: 0
  m_AreaSize: {x: 1, y: 1}
  m_BounceIntensity: 20
  m_ColorTemperature: 6570
  m_UseColorTemperature: 0
  m_BoundingSphereOverride: {x: 0, y: 0, z: 0, w: 0}
  m_UseBoundingSphereOverride: 0
  m_ShadowRadius: 0
  m_ShadowAngle: 0
--- !u!1 &3886936476959405689
GameObject:
  m_ObjectHideFlags: 0
  m_CorrespondingSourceObject: {fileID: 0}
  m_PrefabInstance: {fileID: 0}
  m_PrefabAsset: {fileID: 0}
  serializedVersion: 6
  m_Component:
  - component: {fileID: 414052099220224322}
  - component: {fileID: 6664196177960499390}
  - component: {fileID: 6915946105130246283}
  m_Layer: 0
  m_Name: BladesRight
  m_TagString: Untagged
  m_Icon: {fileID: 0}
  m_NavMeshLayer: 0
  m_StaticEditorFlags: 1
  m_IsActive: 1
--- !u!4 &414052099220224322
Transform:
  m_ObjectHideFlags: 0
  m_CorrespondingSourceObject: {fileID: 0}
  m_PrefabInstance: {fileID: 0}
  m_PrefabAsset: {fileID: 0}
  m_GameObject: {fileID: 3886936476959405689}
  m_LocalRotation: {x: -0.5, y: 0.5, z: 0.5, w: 0.5}
  m_LocalPosition: {x: -0.0289, y: 0.0023, z: 0.00339}
  m_LocalScale: {x: 0.025, y: 0.025, z: 0.025}
  m_Children: []
  m_Father: {fileID: 5006512736656333017}
  m_RootOrder: 1
  m_LocalEulerAnglesHint: {x: -90.00001, y: 0, z: 90}
--- !u!33 &6664196177960499390
MeshFilter:
  m_ObjectHideFlags: 0
  m_CorrespondingSourceObject: {fileID: 0}
  m_PrefabInstance: {fileID: 0}
  m_PrefabAsset: {fileID: 0}
  m_GameObject: {fileID: 3886936476959405689}
  m_Mesh: {fileID: 2211046465971460991, guid: 84049179133bbb84fb74f6d7febbf480, type: 3}
--- !u!23 &6915946105130246283
MeshRenderer:
  m_ObjectHideFlags: 0
  m_CorrespondingSourceObject: {fileID: 0}
  m_PrefabInstance: {fileID: 0}
  m_PrefabAsset: {fileID: 0}
  m_GameObject: {fileID: 3886936476959405689}
  m_Enabled: 1
  m_CastShadows: 1
  m_ReceiveShadows: 1
  m_DynamicOccludee: 1
  m_MotionVectors: 1
  m_LightProbeUsage: 1
  m_ReflectionProbeUsage: 1
  m_RenderingLayerMask: 1
  m_RendererPriority: 0
  m_Materials:
  - {fileID: 2100000, guid: c9bcdb749d516e249adc8e5ec93fed34, type: 2}
  m_StaticBatchInfo:
    firstSubMesh: 0
    subMeshCount: 0
  m_StaticBatchRoot: {fileID: 0}
  m_ProbeAnchor: {fileID: 0}
  m_LightProbeVolumeOverride: {fileID: 0}
  m_ScaleInLightmap: 1
  m_ReceiveGI: 1
  m_PreserveUVs: 0
  m_IgnoreNormalsForChartDetection: 0
  m_ImportantGI: 1
  m_StitchLightmapSeams: 1
  m_SelectedEditorRenderState: 3
  m_MinimumChartSize: 4
  m_AutoUVMaxDistance: 0.5
  m_AutoUVMaxAngle: 89
  m_LightmapParameters: {fileID: 0}
  m_SortingLayerID: 0
  m_SortingLayer: 0
  m_SortingOrder: 0
--- !u!1 &4578819952197671455
GameObject:
  m_ObjectHideFlags: 0
  m_CorrespondingSourceObject: {fileID: 0}
  m_PrefabInstance: {fileID: 0}
  m_PrefabAsset: {fileID: 0}
  serializedVersion: 6
  m_Component:
  - component: {fileID: 5028365809180427231}
  - component: {fileID: 4213144121560377957}
  - component: {fileID: 6191551969767962552}
  m_Layer: 0
  m_Name: BladesLeft
  m_TagString: Untagged
  m_Icon: {fileID: 0}
  m_NavMeshLayer: 0
  m_StaticEditorFlags: 1
  m_IsActive: 1
--- !u!4 &5028365809180427231
Transform:
  m_ObjectHideFlags: 0
  m_CorrespondingSourceObject: {fileID: 0}
  m_PrefabInstance: {fileID: 0}
  m_PrefabAsset: {fileID: 0}
  m_GameObject: {fileID: 4578819952197671455}
  m_LocalRotation: {x: -0.5, y: 0.5, z: 0.5, w: 0.5}
  m_LocalPosition: {x: 0.02738, y: 0.0023, z: 0.00339}
  m_LocalScale: {x: 0.025, y: 0.025, z: 0.025}
  m_Children: []
  m_Father: {fileID: 5006512736656333017}
  m_RootOrder: 0
  m_LocalEulerAnglesHint: {x: -90.00001, y: 0, z: 90}
--- !u!33 &4213144121560377957
MeshFilter:
  m_ObjectHideFlags: 0
  m_CorrespondingSourceObject: {fileID: 0}
  m_PrefabInstance: {fileID: 0}
  m_PrefabAsset: {fileID: 0}
  m_GameObject: {fileID: 4578819952197671455}
  m_Mesh: {fileID: 909425013674295926, guid: 84049179133bbb84fb74f6d7febbf480, type: 3}
--- !u!23 &6191551969767962552
MeshRenderer:
  m_ObjectHideFlags: 0
  m_CorrespondingSourceObject: {fileID: 0}
  m_PrefabInstance: {fileID: 0}
  m_PrefabAsset: {fileID: 0}
  m_GameObject: {fileID: 4578819952197671455}
  m_Enabled: 1
  m_CastShadows: 1
  m_ReceiveShadows: 1
  m_DynamicOccludee: 1
  m_MotionVectors: 1
  m_LightProbeUsage: 1
  m_ReflectionProbeUsage: 1
  m_RenderingLayerMask: 1
  m_RendererPriority: 0
  m_Materials:
  - {fileID: 2100000, guid: c9bcdb749d516e249adc8e5ec93fed34, type: 2}
  m_StaticBatchInfo:
    firstSubMesh: 0
    subMeshCount: 0
  m_StaticBatchRoot: {fileID: 0}
  m_ProbeAnchor: {fileID: 0}
  m_LightProbeVolumeOverride: {fileID: 0}
  m_ScaleInLightmap: 1
  m_ReceiveGI: 1
  m_PreserveUVs: 0
  m_IgnoreNormalsForChartDetection: 0
  m_ImportantGI: 1
  m_StitchLightmapSeams: 1
  m_SelectedEditorRenderState: 3
  m_MinimumChartSize: 4
  m_AutoUVMaxDistance: 0.5
  m_AutoUVMaxAngle: 89
  m_LightmapParameters: {fileID: 0}
  m_SortingLayerID: 0
  m_SortingLayer: 0
  m_SortingOrder: 0
--- !u!1 &4648932377290513478
GameObject:
  m_ObjectHideFlags: 0
  m_CorrespondingSourceObject: {fileID: 0}
  m_PrefabInstance: {fileID: 0}
  m_PrefabAsset: {fileID: 0}
  serializedVersion: 6
  m_Component:
  - component: {fileID: 2494050992932536297}
  - component: {fileID: 2236184144191024810}
  m_Layer: 8
  m_Name: Trail (2)
  m_TagString: Untagged
  m_Icon: {fileID: -964228994112308473, guid: 0000000000000000d000000000000000, type: 0}
  m_NavMeshLayer: 0
  m_StaticEditorFlags: 0
  m_IsActive: 0
--- !u!4 &2494050992932536297
Transform:
  m_ObjectHideFlags: 0
  m_CorrespondingSourceObject: {fileID: 0}
  m_PrefabInstance: {fileID: 0}
  m_PrefabAsset: {fileID: 0}
  m_GameObject: {fileID: 4648932377290513478}
  m_LocalRotation: {x: -0, y: -0, z: -0, w: 1}
  m_LocalPosition: {x: 0.456, y: 0.133, z: -0.304}
  m_LocalScale: {x: 1, y: 1, z: 1}
  m_Children: []
  m_Father: {fileID: 8854859683872368168}
  m_RootOrder: 7
  m_LocalEulerAnglesHint: {x: 0, y: 0, z: 0}
--- !u!96 &2236184144191024810
TrailRenderer:
  serializedVersion: 2
  m_ObjectHideFlags: 0
  m_CorrespondingSourceObject: {fileID: 0}
  m_PrefabInstance: {fileID: 0}
  m_PrefabAsset: {fileID: 0}
  m_GameObject: {fileID: 4648932377290513478}
  m_Enabled: 1
  m_CastShadows: 1
  m_ReceiveShadows: 1
  m_DynamicOccludee: 1
  m_MotionVectors: 1
  m_LightProbeUsage: 1
  m_ReflectionProbeUsage: 0
  m_RenderingLayerMask: 1
  m_RendererPriority: 0
  m_Materials:
  - {fileID: 10308, guid: 0000000000000000f000000000000000, type: 0}
  m_StaticBatchInfo:
    firstSubMesh: 0
    subMeshCount: 0
  m_StaticBatchRoot: {fileID: 0}
  m_ProbeAnchor: {fileID: 0}
  m_LightProbeVolumeOverride: {fileID: 0}
  m_ScaleInLightmap: 1
  m_ReceiveGI: 1
  m_PreserveUVs: 0
  m_IgnoreNormalsForChartDetection: 0
  m_ImportantGI: 0
  m_StitchLightmapSeams: 1
  m_SelectedEditorRenderState: 3
  m_MinimumChartSize: 4
  m_AutoUVMaxDistance: 0.5
  m_AutoUVMaxAngle: 89
  m_LightmapParameters: {fileID: 0}
  m_SortingLayerID: 0
  m_SortingLayer: 0
  m_SortingOrder: 0
  m_Time: 0.9
  m_Parameters:
    serializedVersion: 3
    widthMultiplier: 1.5
    widthCurve:
      serializedVersion: 2
      m_Curve:
      - serializedVersion: 3
        time: 0
        value: 1
        inSlope: 0.4862858
        outSlope: 0.4862858
        tangentMode: 0
        weightedMode: 0
        inWeight: 0.33333334
        outWeight: 0.7044776
      - serializedVersion: 3
        time: 0.061900526
        value: 0
        inSlope: -2.7729626
        outSlope: -2.7729626
        tangentMode: 0
        weightedMode: 0
        inWeight: 0.44856584
        outWeight: 0
      m_PreInfinity: 2
      m_PostInfinity: 2
      m_RotationOrder: 4
    colorGradient:
      serializedVersion: 2
      key0: {r: 0.3160377, g: 0.88318074, b: 1, a: 1}
      key1: {r: 0.86704665, g: 0.514151, b: 1, a: 1}
      key2: {r: 1, g: 0.7797926, b: 0.28627455, a: 0}
      key3: {r: 1, g: 0.9433962, b: 0.8160377, a: 0}
      key4: {r: 0, g: 0, b: 0, a: 0}
      key5: {r: 0, g: 0, b: 0, a: 0}
      key6: {r: 0, g: 0, b: 0, a: 0}
      key7: {r: 0, g: 0, b: 0, a: 0}
      ctime0: 2699
      ctime1: 32382
      ctime2: 43947
      ctime3: 64571
      ctime4: 0
      ctime5: 0
      ctime6: 0
      ctime7: 0
      atime0: 0
      atime1: 65535
      atime2: 0
      atime3: 0
      atime4: 0
      atime5: 0
      atime6: 0
      atime7: 0
      m_Mode: 0
      m_NumColorKeys: 4
      m_NumAlphaKeys: 2
    numCornerVertices: 0
    numCapVertices: 0
    alignment: 0
    textureMode: 0
    shadowBias: 0.5
    generateLightingData: 1
  m_MinVertexDistance: 0.01
  m_Autodestruct: 1
  m_Emitting: 1
--- !u!1 &4826677920032793469
GameObject:
  m_ObjectHideFlags: 0
  m_CorrespondingSourceObject: {fileID: 0}
  m_PrefabInstance: {fileID: 0}
  m_PrefabAsset: {fileID: 0}
  serializedVersion: 6
  m_Component:
  - component: {fileID: 8854859683872368168}
  m_Layer: 8
  m_Name: Ship
  m_TagString: Untagged
  m_Icon: {fileID: 0}
  m_NavMeshLayer: 0
  m_StaticEditorFlags: 0
  m_IsActive: 1
--- !u!4 &8854859683872368168
Transform:
  m_ObjectHideFlags: 0
  m_CorrespondingSourceObject: {fileID: 0}
  m_PrefabInstance: {fileID: 0}
  m_PrefabAsset: {fileID: 0}
  m_GameObject: {fileID: 4826677920032793469}
  m_LocalRotation: {x: 0, y: 0, z: 0, w: 1}
  m_LocalPosition: {x: -0.043701, y: -0.094315, z: -0.76587}
  m_LocalScale: {x: 2.6738, y: 1.3369, z: 4.0107}
  m_Children:
  - {fileID: 2988048659505137748}
  - {fileID: 215283779230893733}
  - {fileID: 2988048660226976226}
  - {fileID: 5006512736656333017}
  - {fileID: 1692956167747299776}
  - {fileID: 7456449103641424053}
  - {fileID: 3029004070813649714}
  - {fileID: 2494050992932536297}
  - {fileID: 4324506312158035896}
  - {fileID: 626858963155024793}
  - {fileID: 7097004747610298892}
  - {fileID: 2503692268781288468}
  m_Father: {fileID: 2988048660701466425}
  m_RootOrder: 2
  m_LocalEulerAnglesHint: {x: 0, y: 0, z: 0}
--- !u!1 &5219401791842996224
GameObject:
  m_ObjectHideFlags: 0
  m_CorrespondingSourceObject: {fileID: 0}
  m_PrefabInstance: {fileID: 0}
  m_PrefabAsset: {fileID: 0}
  serializedVersion: 6
  m_Component:
  - component: {fileID: 5807123094899536205}
  - component: {fileID: 5078135134246909664}
  - component: {fileID: 3933072917331223868}
  - component: {fileID: 1941527101}
  m_Layer: 0
  m_Name: Camera
  m_TagString: Untagged
  m_Icon: {fileID: 0}
  m_NavMeshLayer: 0
  m_StaticEditorFlags: 0
  m_IsActive: 1
--- !u!4 &5807123094899536205
Transform:
  m_ObjectHideFlags: 0
  m_CorrespondingSourceObject: {fileID: 0}
  m_PrefabInstance: {fileID: 0}
  m_PrefabAsset: {fileID: 0}
  m_GameObject: {fileID: 5219401791842996224}
  m_LocalRotation: {x: -0.13635285, y: -1.4493367e-14, z: 1.0530027e-13, w: -0.99066037}
  m_LocalPosition: {x: 0, y: 2.912, z: -9.487}
  m_LocalScale: {x: 1, y: 1, z: 1}
  m_Children: []
  m_Father: {fileID: 2988048660701466425}
  m_RootOrder: 0
  m_LocalEulerAnglesHint: {x: 15.674001, y: 0, z: 0}
--- !u!20 &5078135134246909664
Camera:
  m_ObjectHideFlags: 0
  m_CorrespondingSourceObject: {fileID: 0}
  m_PrefabInstance: {fileID: 0}
  m_PrefabAsset: {fileID: 0}
  m_GameObject: {fileID: 5219401791842996224}
  m_Enabled: 1
  serializedVersion: 2
  m_ClearFlags: 1
  m_BackGroundColor: {r: 0.19215687, g: 0.3019608, b: 0.4745098, a: 0}
  m_projectionMatrixMode: 1
  m_GateFitMode: 2
  m_FOVAxisMode: 0
  m_SensorSize: {x: 36, y: 24}
  m_LensShift: {x: 0, y: 0}
  m_FocalLength: 50
  m_NormalizedViewPortRect:
    serializedVersion: 2
    x: 0
    y: 0
    width: 1
    height: 1
  near clip plane: 0.05
  far clip plane: 50000
  field of view: 40
  orthographic: 0
  orthographic size: 5
  m_Depth: 0
  m_CullingMask:
    serializedVersion: 2
    m_Bits: 4294967295
  m_RenderingPath: -1
  m_TargetTexture: {fileID: 0}
  m_TargetDisplay: 0
  m_TargetEye: 3
  m_HDR: 1
  m_AllowMSAA: 1
  m_AllowDynamicResolution: 0
  m_ForceIntoRT: 0
  m_OcclusionCulling: 1
  m_StereoConvergence: 10
  m_StereoSeparation: 0.022
--- !u!81 &3933072917331223868
AudioListener:
  m_ObjectHideFlags: 0
  m_CorrespondingSourceObject: {fileID: 0}
  m_PrefabInstance: {fileID: 0}
  m_PrefabAsset: {fileID: 0}
  m_GameObject: {fileID: 5219401791842996224}
  m_Enabled: 1
--- !u!114 &1941527101
MonoBehaviour:
  m_ObjectHideFlags: 0
  m_CorrespondingSourceObject: {fileID: 0}
  m_PrefabInstance: {fileID: 0}
  m_PrefabAsset: {fileID: 0}
  m_GameObject: {fileID: 5219401791842996224}
  m_Enabled: 1
  m_EditorHideFlags: 0
  m_Script: {fileID: 11500000, guid: 948f4100a11a5c24981795d21301da5c, type: 3}
  m_Name: 
  m_EditorClassIdentifier: 
  volumeTrigger: {fileID: 5807123094899536205}
  volumeLayer:
    serializedVersion: 2
    m_Bits: 1048576
  stopNaNPropagation: 1
  finalBlitToCameraTarget: 0
  antialiasingMode: 1
  temporalAntialiasing:
    jitterSpread: 0.75
    sharpness: 0.25
    stationaryBlending: 0.95
    motionBlending: 0.85
  subpixelMorphologicalAntialiasing:
    quality: 2
  fastApproximateAntialiasing:
    fastMode: 0
    keepAlpha: 0
  fog:
    enabled: 1
    excludeSkybox: 1
  debugLayer:
    lightMeter:
      width: 512
      height: 256
      showCurves: 1
    histogram:
      width: 512
      height: 256
      channel: 3
    waveform:
      exposure: 0.12
      height: 256
    vectorscope:
      size: 256
      exposure: 0.12
    overlaySettings:
      linearDepth: 0
      motionColorIntensity: 4
      motionGridSize: 64
      colorBlindnessType: 0
      colorBlindnessStrength: 1
  m_Resources: {fileID: 11400000, guid: d82512f9c8e5d4a4d938b575d47f88d4, type: 2}
  m_ShowToolkit: 1
  m_ShowCustomSorter: 1
  breakBeforeColorGrading: 0
  m_BeforeTransparentBundles: []
  m_BeforeStackBundles: []
  m_AfterStackBundles: []
--- !u!1 &7570117551693222236
GameObject:
  m_ObjectHideFlags: 0
  m_CorrespondingSourceObject: {fileID: 0}
  m_PrefabInstance: {fileID: 0}
  m_PrefabAsset: {fileID: 0}
  serializedVersion: 6
  m_Component:
  - component: {fileID: 7456449103641424053}
  - component: {fileID: 3920683592113070676}
  m_Layer: 8
  m_Name: Spot Light (2)
  m_TagString: Untagged
  m_Icon: {fileID: 0}
  m_NavMeshLayer: 0
  m_StaticEditorFlags: 0
  m_IsActive: 1
--- !u!4 &7456449103641424053
Transform:
  m_ObjectHideFlags: 0
  m_CorrespondingSourceObject: {fileID: 0}
  m_PrefabInstance: {fileID: 0}
  m_PrefabAsset: {fileID: 0}
  m_GameObject: {fileID: 7570117551693222236}
  m_LocalRotation: {x: -0, y: -0, z: -0, w: 1}
  m_LocalPosition: {x: -0.439, y: 0.08, z: 0.0325}
  m_LocalScale: {x: 0.5, y: 1, z: 0.33333334}
  m_Children: []
  m_Father: {fileID: 8854859683872368168}
  m_RootOrder: 5
  m_LocalEulerAnglesHint: {x: 90, y: 0, z: 0}
--- !u!108 &3920683592113070676
Light:
  m_ObjectHideFlags: 0
  m_CorrespondingSourceObject: {fileID: 0}
  m_PrefabInstance: {fileID: 0}
  m_PrefabAsset: {fileID: 0}
  m_GameObject: {fileID: 7570117551693222236}
  m_Enabled: 1
  serializedVersion: 9
  m_Type: 0
  m_Color: {r: 0.8914451, g: 0.9716981, b: 0.7654414, a: 1}
  m_Intensity: 20
  m_Range: 500
  m_SpotAngle: 30
  m_InnerSpotAngle: 1
  m_CookieSize: 10
  m_Shadows:
    m_Type: 0
    m_Resolution: -1
    m_CustomResolution: -1
    m_Strength: 1
    m_Bias: 0.05
    m_NormalBias: 0.4
    m_NearPlane: 0.2
    m_CullingMatrixOverride:
      e00: 1
      e01: 0
      e02: 0
      e03: 0
      e10: 0
      e11: 1
      e12: 0
      e13: 0
      e20: 0
      e21: 0
      e22: 1
      e23: 0
      e30: 0
      e31: 0
      e32: 0
      e33: 1
    m_UseCullingMatrixOverride: 0
  m_Cookie: {fileID: 0}
  m_DrawHalo: 0
  m_Flare: {fileID: 0}
  m_RenderMode: 0
  m_CullingMask:
    serializedVersion: 2
    m_Bits: 4294967295
  m_RenderingLayerMask: 1
  m_Lightmapping: 4
  m_LightShadowCasterMode: 0
  m_AreaSize: {x: 1, y: 1}
  m_BounceIntensity: 20
  m_ColorTemperature: 6570
  m_UseColorTemperature: 0
  m_BoundingSphereOverride: {x: 0, y: 0, z: 0, w: 0}
  m_UseBoundingSphereOverride: 0
  m_ShadowRadius: 0
  m_ShadowAngle: 0
--- !u!1 &7734557479091374231
GameObject:
  m_ObjectHideFlags: 0
  m_CorrespondingSourceObject: {fileID: 0}
  m_PrefabInstance: {fileID: 0}
  m_PrefabAsset: {fileID: 0}
  serializedVersion: 6
  m_Component:
  - component: {fileID: 3029004070813649714}
  - component: {fileID: 3377560031986349064}
  m_Layer: 8
  m_Name: Spot Light (3)
  m_TagString: Untagged
  m_Icon: {fileID: 0}
  m_NavMeshLayer: 0
  m_StaticEditorFlags: 0
  m_IsActive: 1
--- !u!4 &3029004070813649714
Transform:
  m_ObjectHideFlags: 0
  m_CorrespondingSourceObject: {fileID: 0}
  m_PrefabInstance: {fileID: 0}
  m_PrefabAsset: {fileID: 0}
  m_GameObject: {fileID: 7734557479091374231}
  m_LocalRotation: {x: -0, y: -0, z: -0, w: 1}
  m_LocalPosition: {x: 0.439, y: 0.08, z: 0.0325}
  m_LocalScale: {x: 0.5, y: 1, z: 0.33333334}
  m_Children: []
  m_Father: {fileID: 8854859683872368168}
  m_RootOrder: 6
  m_LocalEulerAnglesHint: {x: 90, y: 0, z: 0}
--- !u!108 &3377560031986349064
Light:
  m_ObjectHideFlags: 0
  m_CorrespondingSourceObject: {fileID: 0}
  m_PrefabInstance: {fileID: 0}
  m_PrefabAsset: {fileID: 0}
  m_GameObject: {fileID: 7734557479091374231}
  m_Enabled: 1
  serializedVersion: 9
  m_Type: 0
  m_Color: {r: 0.8914451, g: 0.9716981, b: 0.7654414, a: 1}
  m_Intensity: 20
  m_Range: 500
  m_SpotAngle: 30
  m_InnerSpotAngle: 1
  m_CookieSize: 10
  m_Shadows:
    m_Type: 0
    m_Resolution: -1
    m_CustomResolution: -1
    m_Strength: 1
    m_Bias: 0.05
    m_NormalBias: 0.4
    m_NearPlane: 0.2
    m_CullingMatrixOverride:
      e00: 1
      e01: 0
      e02: 0
      e03: 0
      e10: 0
      e11: 1
      e12: 0
      e13: 0
      e20: 0
      e21: 0
      e22: 1
      e23: 0
      e30: 0
      e31: 0
      e32: 0
      e33: 1
    m_UseCullingMatrixOverride: 0
  m_Cookie: {fileID: 0}
  m_DrawHalo: 0
  m_Flare: {fileID: 0}
  m_RenderMode: 0
  m_CullingMask:
    serializedVersion: 2
    m_Bits: 4294967295
  m_RenderingLayerMask: 1
  m_Lightmapping: 4
  m_LightShadowCasterMode: 0
  m_AreaSize: {x: 1, y: 1}
  m_BounceIntensity: 20
  m_ColorTemperature: 6570
  m_UseColorTemperature: 0
  m_BoundingSphereOverride: {x: 0, y: 0, z: 0, w: 0}
  m_UseBoundingSphereOverride: 0
  m_ShadowRadius: 0
  m_ShadowAngle: 0
--- !u!1 &8296172667342973642
GameObject:
  m_ObjectHideFlags: 0
  m_CorrespondingSourceObject: {fileID: 0}
  m_PrefabInstance: {fileID: 0}
  m_PrefabAsset: {fileID: 0}
  serializedVersion: 6
  m_Component:
  - component: {fileID: 5006512736656333017}
  m_Layer: 0
  m_Name: ship1
  m_TagString: Untagged
  m_Icon: {fileID: 0}
  m_NavMeshLayer: 0
  m_StaticEditorFlags: 0
  m_IsActive: 1
--- !u!4 &5006512736656333017
Transform:
  m_ObjectHideFlags: 0
  m_CorrespondingSourceObject: {fileID: 0}
  m_PrefabInstance: {fileID: 0}
  m_PrefabAsset: {fileID: 0}
  m_GameObject: {fileID: 8296172667342973642}
  m_LocalRotation: {x: 0, y: -1, z: 0, w: 0}
  m_LocalPosition: {x: 0, y: 0, z: 0}
  m_LocalScale: {x: 25, y: 50, z: 16.666668}
  m_Children:
  - {fileID: 5028365809180427231}
  - {fileID: 414052099220224322}
  - {fileID: 4231596892163741574}
  m_Father: {fileID: 8854859683872368168}
  m_RootOrder: 3
  m_LocalEulerAnglesHint: {x: 0, y: -180, z: 0}
--- !u!1001 &626858963154570835
PrefabInstance:
  m_ObjectHideFlags: 0
  serializedVersion: 2
  m_Modification:
    m_TransformParent: {fileID: 8854859683872368168}
    m_Modifications:
    - target: {fileID: 176264, guid: ed27e61ea1a83e64fb6c3472640c846f, type: 3}
      propertyPath: m_Name
      value: Liberate_01.1.1 Dual Ribbon
      objectReference: {fileID: 0}
    - target: {fileID: 456138, guid: ed27e61ea1a83e64fb6c3472640c846f, type: 3}
      propertyPath: m_LocalPosition.x
      value: 0
      objectReference: {fileID: 0}
    - target: {fileID: 456138, guid: ed27e61ea1a83e64fb6c3472640c846f, type: 3}
      propertyPath: m_LocalPosition.y
      value: -0.62
      objectReference: {fileID: 0}
    - target: {fileID: 456138, guid: ed27e61ea1a83e64fb6c3472640c846f, type: 3}
      propertyPath: m_LocalPosition.z
      value: 0
      objectReference: {fileID: 0}
    - target: {fileID: 456138, guid: ed27e61ea1a83e64fb6c3472640c846f, type: 3}
      propertyPath: m_LocalRotation.x
      value: 0
      objectReference: {fileID: 0}
    - target: {fileID: 456138, guid: ed27e61ea1a83e64fb6c3472640c846f, type: 3}
      propertyPath: m_LocalRotation.y
      value: 0
      objectReference: {fileID: 0}
    - target: {fileID: 456138, guid: ed27e61ea1a83e64fb6c3472640c846f, type: 3}
      propertyPath: m_LocalRotation.z
      value: 0
      objectReference: {fileID: 0}
    - target: {fileID: 456138, guid: ed27e61ea1a83e64fb6c3472640c846f, type: 3}
      propertyPath: m_LocalRotation.w
      value: 1
      objectReference: {fileID: 0}
    - target: {fileID: 456138, guid: ed27e61ea1a83e64fb6c3472640c846f, type: 3}
      propertyPath: m_RootOrder
      value: 9
      objectReference: {fileID: 0}
    - target: {fileID: 456138, guid: ed27e61ea1a83e64fb6c3472640c846f, type: 3}
      propertyPath: m_LocalEulerAnglesHint.x
      value: 0
      objectReference: {fileID: 0}
    - target: {fileID: 456138, guid: ed27e61ea1a83e64fb6c3472640c846f, type: 3}
      propertyPath: m_LocalEulerAnglesHint.y
      value: 0
      objectReference: {fileID: 0}
    - target: {fileID: 456138, guid: ed27e61ea1a83e64fb6c3472640c846f, type: 3}
      propertyPath: m_LocalEulerAnglesHint.z
      value: 0
      objectReference: {fileID: 0}
    m_RemovedComponents: []
  m_SourcePrefab: {fileID: 100100000, guid: ed27e61ea1a83e64fb6c3472640c846f, type: 3}
--- !u!4 &626858963155024793 stripped
Transform:
  m_CorrespondingSourceObject: {fileID: 456138, guid: ed27e61ea1a83e64fb6c3472640c846f,
    type: 3}
  m_PrefabInstance: {fileID: 626858963154570835}
  m_PrefabAsset: {fileID: 0}
--- !u!1001 &2503692268781652446
PrefabInstance:
  m_ObjectHideFlags: 0
  serializedVersion: 2
  m_Modification:
    m_TransformParent: {fileID: 8854859683872368168}
    m_Modifications:
    - target: {fileID: 176264, guid: ed27e61ea1a83e64fb6c3472640c846f, type: 3}
      propertyPath: m_Name
      value: Liberate_01.1.1 Dual Ribbon (2)
      objectReference: {fileID: 0}
    - target: {fileID: 456138, guid: ed27e61ea1a83e64fb6c3472640c846f, type: 3}
      propertyPath: m_LocalPosition.x
      value: -0.897
      objectReference: {fileID: 0}
    - target: {fileID: 456138, guid: ed27e61ea1a83e64fb6c3472640c846f, type: 3}
      propertyPath: m_LocalPosition.y
      value: -0.62
      objectReference: {fileID: 0}
    - target: {fileID: 456138, guid: ed27e61ea1a83e64fb6c3472640c846f, type: 3}
      propertyPath: m_LocalPosition.z
      value: 0
      objectReference: {fileID: 0}
    - target: {fileID: 456138, guid: ed27e61ea1a83e64fb6c3472640c846f, type: 3}
      propertyPath: m_LocalRotation.x
      value: 0
      objectReference: {fileID: 0}
    - target: {fileID: 456138, guid: ed27e61ea1a83e64fb6c3472640c846f, type: 3}
      propertyPath: m_LocalRotation.y
      value: 0
      objectReference: {fileID: 0}
    - target: {fileID: 456138, guid: ed27e61ea1a83e64fb6c3472640c846f, type: 3}
      propertyPath: m_LocalRotation.z
      value: 0
      objectReference: {fileID: 0}
    - target: {fileID: 456138, guid: ed27e61ea1a83e64fb6c3472640c846f, type: 3}
      propertyPath: m_LocalRotation.w
      value: 1
      objectReference: {fileID: 0}
    - target: {fileID: 456138, guid: ed27e61ea1a83e64fb6c3472640c846f, type: 3}
      propertyPath: m_RootOrder
      value: 11
      objectReference: {fileID: 0}
    - target: {fileID: 456138, guid: ed27e61ea1a83e64fb6c3472640c846f, type: 3}
      propertyPath: m_LocalEulerAnglesHint.x
      value: 0
      objectReference: {fileID: 0}
    - target: {fileID: 456138, guid: ed27e61ea1a83e64fb6c3472640c846f, type: 3}
      propertyPath: m_LocalEulerAnglesHint.y
      value: 0
      objectReference: {fileID: 0}
    - target: {fileID: 456138, guid: ed27e61ea1a83e64fb6c3472640c846f, type: 3}
      propertyPath: m_LocalEulerAnglesHint.z
      value: 0
      objectReference: {fileID: 0}
    m_RemovedComponents: []
  m_SourcePrefab: {fileID: 100100000, guid: ed27e61ea1a83e64fb6c3472640c846f, type: 3}
--- !u!4 &2503692268781288468 stripped
Transform:
  m_CorrespondingSourceObject: {fileID: 456138, guid: ed27e61ea1a83e64fb6c3472640c846f,
    type: 3}
  m_PrefabInstance: {fileID: 2503692268781652446}
  m_PrefabAsset: {fileID: 0}
--- !u!1001 &6227132733717741989
PrefabInstance:
  m_ObjectHideFlags: 0
  serializedVersion: 2
  m_Modification:
    m_TransformParent: {fileID: 2988048660701466425}
    m_Modifications:
    - target: {fileID: 6227132734992957084, guid: 850f4dce0a69e37478a1743d8bd47be8,
        type: 3}
      propertyPath: m_Name
      value: UICompass
      objectReference: {fileID: 0}
    - target: {fileID: 6227132734992957086, guid: 850f4dce0a69e37478a1743d8bd47be8,
        type: 3}
      propertyPath: m_LocalPosition.x
      value: 0
      objectReference: {fileID: 0}
    - target: {fileID: 6227132734992957086, guid: 850f4dce0a69e37478a1743d8bd47be8,
        type: 3}
      propertyPath: m_LocalPosition.y
      value: 1.6
      objectReference: {fileID: 0}
    - target: {fileID: 6227132734992957086, guid: 850f4dce0a69e37478a1743d8bd47be8,
        type: 3}
      propertyPath: m_LocalPosition.z
      value: -1.42
      objectReference: {fileID: 0}
    - target: {fileID: 6227132734992957086, guid: 850f4dce0a69e37478a1743d8bd47be8,
        type: 3}
      propertyPath: m_LocalRotation.x
      value: -0
      objectReference: {fileID: 0}
    - target: {fileID: 6227132734992957086, guid: 850f4dce0a69e37478a1743d8bd47be8,
        type: 3}
      propertyPath: m_LocalRotation.y
      value: -0
      objectReference: {fileID: 0}
    - target: {fileID: 6227132734992957086, guid: 850f4dce0a69e37478a1743d8bd47be8,
        type: 3}
      propertyPath: m_LocalRotation.z
      value: -0
      objectReference: {fileID: 0}
    - target: {fileID: 6227132734992957086, guid: 850f4dce0a69e37478a1743d8bd47be8,
        type: 3}
      propertyPath: m_LocalRotation.w
      value: 1
      objectReference: {fileID: 0}
    - target: {fileID: 6227132734992957086, guid: 850f4dce0a69e37478a1743d8bd47be8,
        type: 3}
      propertyPath: m_RootOrder
      value: 3
      objectReference: {fileID: 0}
    - target: {fileID: 6227132734992957086, guid: 850f4dce0a69e37478a1743d8bd47be8,
        type: 3}
      propertyPath: m_LocalEulerAnglesHint.x
      value: 0
      objectReference: {fileID: 0}
    - target: {fileID: 6227132734992957086, guid: 850f4dce0a69e37478a1743d8bd47be8,
        type: 3}
      propertyPath: m_LocalEulerAnglesHint.y
      value: 0
      objectReference: {fileID: 0}
    - target: {fileID: 6227132734992957086, guid: 850f4dce0a69e37478a1743d8bd47be8,
        type: 3}
      propertyPath: m_LocalEulerAnglesHint.z
      value: 0
      objectReference: {fileID: 0}
    - target: {fileID: 5984215242491229833, guid: 850f4dce0a69e37478a1743d8bd47be8,
        type: 3}
      propertyPath: m_Camera
      value: 
      objectReference: {fileID: 5078135134246909664}
    m_RemovedComponents: []
  m_SourcePrefab: {fileID: 100100000, guid: 850f4dce0a69e37478a1743d8bd47be8, type: 3}
--- !u!4 &1275215675 stripped
Transform:
  m_CorrespondingSourceObject: {fileID: 6227132734992957086, guid: 850f4dce0a69e37478a1743d8bd47be8,
    type: 3}
  m_PrefabInstance: {fileID: 6227132733717741989}
  m_PrefabAsset: {fileID: 0}
--- !u!1001 &7097004747610419142
PrefabInstance:
  m_ObjectHideFlags: 0
  serializedVersion: 2
  m_Modification:
    m_TransformParent: {fileID: 8854859683872368168}
    m_Modifications:
    - target: {fileID: 176264, guid: ed27e61ea1a83e64fb6c3472640c846f, type: 3}
      propertyPath: m_Name
      value: Liberate_01.1.1 Dual Ribbon (1)
      objectReference: {fileID: 0}
    - target: {fileID: 456138, guid: ed27e61ea1a83e64fb6c3472640c846f, type: 3}
      propertyPath: m_LocalPosition.x
      value: 0.761
      objectReference: {fileID: 0}
    - target: {fileID: 456138, guid: ed27e61ea1a83e64fb6c3472640c846f, type: 3}
      propertyPath: m_LocalPosition.y
      value: -0.62
      objectReference: {fileID: 0}
    - target: {fileID: 456138, guid: ed27e61ea1a83e64fb6c3472640c846f, type: 3}
      propertyPath: m_LocalPosition.z
      value: 0
      objectReference: {fileID: 0}
    - target: {fileID: 456138, guid: ed27e61ea1a83e64fb6c3472640c846f, type: 3}
      propertyPath: m_LocalRotation.x
      value: 0
      objectReference: {fileID: 0}
    - target: {fileID: 456138, guid: ed27e61ea1a83e64fb6c3472640c846f, type: 3}
      propertyPath: m_LocalRotation.y
      value: 0
      objectReference: {fileID: 0}
    - target: {fileID: 456138, guid: ed27e61ea1a83e64fb6c3472640c846f, type: 3}
      propertyPath: m_LocalRotation.z
      value: 0
      objectReference: {fileID: 0}
    - target: {fileID: 456138, guid: ed27e61ea1a83e64fb6c3472640c846f, type: 3}
      propertyPath: m_LocalRotation.w
      value: 1
      objectReference: {fileID: 0}
    - target: {fileID: 456138, guid: ed27e61ea1a83e64fb6c3472640c846f, type: 3}
      propertyPath: m_RootOrder
      value: 10
      objectReference: {fileID: 0}
    - target: {fileID: 456138, guid: ed27e61ea1a83e64fb6c3472640c846f, type: 3}
      propertyPath: m_LocalEulerAnglesHint.x
      value: 0
      objectReference: {fileID: 0}
    - target: {fileID: 456138, guid: ed27e61ea1a83e64fb6c3472640c846f, type: 3}
      propertyPath: m_LocalEulerAnglesHint.y
      value: 0
      objectReference: {fileID: 0}
    - target: {fileID: 456138, guid: ed27e61ea1a83e64fb6c3472640c846f, type: 3}
      propertyPath: m_LocalEulerAnglesHint.z
      value: 0
      objectReference: {fileID: 0}
    m_RemovedComponents: []
  m_SourcePrefab: {fileID: 100100000, guid: ed27e61ea1a83e64fb6c3472640c846f, type: 3}
--- !u!4 &7097004747610298892 stripped
Transform:
  m_CorrespondingSourceObject: {fileID: 456138, guid: ed27e61ea1a83e64fb6c3472640c846f,
    type: 3}
  m_PrefabInstance: {fileID: 7097004747610419142}
  m_PrefabAsset: {fileID: 0}
